@article{stappers2011observing,
  title={Observing pulsars and fast transients with LOFAR},
  author={Stappers, BW and Hessels, JWT and Alexov, A and Anderson, K and Coenen, T and Hassall, T and Karastergiou, A and Kondratiev, VI and Kramer, M and van Leeuwen, J and others},
  journal={arXiv preprint arXiv:1104.1577},
  year={2011}
}
@inproceedings{taylor1999synthesis,
  title={Synthesis imaging in radio astronomy II},
  author={Taylor, Greg B and Carilli, Chris Luke and Perley, Richard A},
  booktitle={Synthesis Imaging in Radio Astronomy II},
  volume={180},
  year={1999}
}
@book{christiansenradiotelescopes,
  title={Radiotelescopes},
  author={Christiansen, Wilbur Norman and H{\"o}gbom, Jan Arvid},
  year={1969},
  publisher={Cambridge University Press},
  ISBN={5217546}
}
@book{wilson2009tools,
  title={Tools of radio astronomy},
  author={Wilson, Thomas L and Rohlfs, Kristen and H{\"u}ttemeister, Susanne},
  volume={86},
  year={2009},
  publisher={Springer}
}
@article{middelberg2008high,
  title={High resolution radio astronomy using very long baseline interferometry},
  author={Middelberg, Enno and Bach, Uwe},
  journal={Reports on Progress in Physics},
  volume={71},
  number={6},
  pages={066901},
  year={2008},
  publisher={IOP Publishing}
}
@article{smith1997scientist,
  title={The scientist and engineer's guide to digital signal processing},
  author={Smith, Steven W and others},
  year={1997},
  publisher={California Technical Pub. San Diego}
}