@article{hardy2013direct,
  title={Direct deconvolution of radio synthesis images using L1 minimisation},
  author={Hardy, Stephen J},
  journal={arXiv preprint arXiv:1310.2078},
  year={2013}
}
@inproceedings{romein2012efficient,
  title={An efficient work-distribution strategy for gridding radio-telescope data on GPUs},
  author={Romein, John W},
  booktitle={Proceedings of the 26th ACM international conference on Supercomputing},
  pages={321--330},
  year={2012},
  organization={ACM}
}
@article{cornwell1992radio,
  title={Radio-interferometric imaging of very large fields-The problem of non-coplanar arrays},
  author={Cornwell, TJ and Perley, RA},
  journal={Astronomy and Astrophysics},
  volume={261},
  pages={353--364},
  year={1992}
}
@ARTICLE{2011A&A...527A.107S,
   author = {{Smirnov}, O.~M.},
    title = "{Revisiting the radio interferometer measurement equation. II. Calibration and direction-dependent effects}",
  journal = "Astron.Astrophys.",
archivePrefix = "arXiv",
   eprint = {1101.1765},
 primaryClass = "astro-ph.IM",
 keywords = {methods: analytical, methods: numerical, methods: data analysis, techniques: polarimetric, techniques: interferometric},
     year = 2011,
    month = mar,
   volume = 527,
      eid = {A107},
    pages = {A107},
      doi = {10.1051/0004-6361/201116434},
   adsurl = {http://adsabs.harvard.edu/abs/2011A%26A...527A.107S},
  adsnote = {Provided by the SAO/NASA Astrophysics Data System}
}
@ARTICLE{2011A&A...527A.106S,
   author = {{Smirnov}, O.~M.},
    title = "{Revisiting the radio interferometer measurement equation. I. A full-sky Jones formalism}",
  journal = "Astron.Astrophys.",
archivePrefix = "arXiv",
   eprint = {1101.1764},
 primaryClass = "astro-ph.IM",
 keywords = {methods: numerical, methods: analytical, methods: data analysis, techniques: interferometric, techniques: polarimetric},
     year = 2011,
    month = mar,
   volume = 527,
      eid = {A106},
    pages = {A106},
      doi = {10.1051/0004-6361/201016082},
   adsurl = {http://adsabs.harvard.edu/abs/2011A%26A...527A.106S},
  adsnote = {Provided by the SAO/NASA Astrophysics Data System}
}
@inproceedings{taylor1999synthesis,
  title={Synthesis imaging in radio astronomy II},
  author={Taylor, Greg B and Carilli, Chris Luke and Perley, Richard A},
  booktitle={Synthesis Imaging in Radio Astronomy II},
  volume={180},
  year={1999}
}
@book{christiansenradiotelescopes,
  title={Radiotelescopes},
  author={Christiansen, Wilbur Norman and H{\"o}gbom, Jan Arvid},
  year={1969},
  publisher={Cambridge University Press},
  ISBN={5217546}
}
@inproceedings{cornwell2005w,
  title={W projection: A new algorithm for wide field imaging with radio synthesis arrays},
  author={Cornwell, TJ and Golap, K and Bhatnagar, S},
  booktitle={Astronomical Data Analysis Software and Systems XIV},
  volume={347},
  pages={86},
  year={2005}
}
@article{jackson1991selection,
  title={Selection of a convolution function for Fourier inversion using gridding [computerised tomography application]},
  author={Jackson, John I and Meyer, Craig H and Nishimura, Dwight G and Macovski, Albert},
  journal={Medical Imaging, IEEE Transactions on},
  volume={10},
  number={3},
  pages={473--478},
  year={1991},
  publisher={IEEE}
}
@phdthesis{tan1986aperture,
  title={Aperture-synthesis mapping and parameter estimation.},
  author={Tan, Sze Meng},
  year={1986},
  school={University of Cambridge}
}
@article{muscat2014high,
  title={High-Performance Image Synthesis for Radio Interferometry},
  author={Muscat, Daniel},
  journal={arXiv preprint arXiv:1403.4209},
  year={2014}
}
@misc{AIPS113,
  title={AIPS Memo 113: Faceted imaging in AIPS},
  author={Kogan, Leonid and Greisen, Eric W. },
  howpublished = "\url{http://www.aips.nrao.edu/aipsmemo.html}",
  year={2009}
}
@article{golap2001parallelization,
  title={Parallelization of Widefield Imaging in AIPS+},
  author={Golap, K and Kemball, A and Cornwell, T and Young, W},
  year={2001}
}
@article{sault1996approach,
  title={An approach to interferometric mosaicing},
  author={Sault, RJ and Staveley-Smith, L and Brouw, WN},
  journal={Astronomy and Astrophysics Supplement Series},
  volume={120},
  pages={375--384},
  year={1996},
  publisher={LES EDITIONS DE PHYSIQUE}
}
@inproceedings{cornwell2012wide,
  title={Wide field imaging for the Square Kilometre Array},
  author={Cornwell, TJ and Voronkov, MA and Humphreys, Ben},
  booktitle={SPIE Optical Engineering+ Applications},
  pages={85000L--85000L},
  year={2012},
  organization={International Society for Optics and Photonics}
}
@article{yashar2009tdp,
  title={TDP CALIBRATION \& PROCESSING GROUP CPG MEMO\# 3 COMPUTATIONAL COSTS OF RADIO IMAGING ALGORITHMS DEALING WITH THE NON-COPLANAR BASELINES EFFECT: I},
  author={Yashar, Mark and Kemball, Athol},
  year={2009}
}
@INPROCEEDINGS{1416440,
author={Cornwell, T.J. and Golap, K. and Bhatnagar, S.},
booktitle={Acoustics, Speech, and Signal Processing, 2005. Proceedings. (ICASSP '05). IEEE International Conference on},
title={Wide field imaging problems in radio astronomy},
year={2005},
month={March},
volume={5},
pages={v/861-v/864 Vol. 5},
keywords={antenna arrays;array signal processing;astronomy computing;image processing;radioastronomical techniques;radioastronomy;radiotelescopes;sensitivity;Square Kilometre Array;W projection;international consortium;noncoplanar baselines aberration;radio astronomy;reconfigurable computing;synthesis radio telescopes;wide field imaging;Costs;Equations;Fourier transforms;Observatories;Optical distortion;Optical interferometry;Phased arrays;RF signals;Radio astronomy;Virtual manufacturing},
doi={10.1109/ICASSP.2005.1416440},
ISSN={1520-6149},}