@inproceedings{perley1999imaging,
  title={Imaging with non-coplanar arrays},
  author={Perley, Richard A},
  booktitle={Synthesis Imaging in Radio Astronomy II},
  volume={180},
  pages={383},
  year={1999}
}
@article{sault1996approach,
  title={An approach to interferometric mosaicing.},
  author={Sault, RJ and Staveley-Smith, L and Brouw, WN},
  journal={Astronomy and Astrophysics Supplement Series},
  volume={120},
  pages={375--384},
  year={1996}
}
@book{jacob2004montage,
  title={The montage architecture for grid-enabled science processing of large, distributed datasets},
  author={Jacob, Joseph C and Katz, Daniel S and Prince, Thomas and Berriman, G Bruce and Good, John C and Laity, Anastasia C and Deelman, Ewa and Singh, Gurmeet and Su, Mei-Hui},
  year={2004},
  publisher={Pasadena, CA: Jet Propulsion Laboratory, National Aeronautics and Space Administration}
}
@article{cornwell2008noncoplanar,
  title={The noncoplanar baselines effect in radio interferometry: The W-projection algorithm},
  author={Cornwell, Tim J and Golap, Kumar and Bhatnagar, Sanjay},
  journal={Selected Topics in Signal Processing, IEEE Journal of},
  volume={2},
  number={5},
  pages={647--657},
  year={2008},
  publisher={IEEE}
}
@article{tasse2013applying,
  title={Applying full polarization A-Projection to very wide field of view instruments: An imager for LOFAR},
  author={Tasse, Cyril and van der Tol, S and van Zwieten, J and van Diepen, Ger and Bhatnagar, S},
  journal={Astronomy \& Astrophysics},
  volume={553},
  pages={A105},
  year={2013},
  publisher={EDP Sciences}
}
@article{yashar2009tdp,
  title={TDP CALIBRATION \& PROCESSING GROUP CPG MEMO\# 3 COMPUTATIONAL COSTS OF RADIO IMAGING ALGORITHMS DEALING WITH THE NON-COPLANAR BASELINES EFFECT: I},
  author={Yashar, Mark and Kemball, Athol},
  year={2009}
}