@article{stappers2011observing,
  title={Observing pulsars and fast transients with LOFAR},
  author={Stappers, BW and Hessels, JWT and Alexov, A and Anderson, K and Coenen, T and Hassall, T and Karastergiou, A and Kondratiev, VI and Kramer, M and van Leeuwen, J and others},
  journal={arXiv preprint arXiv:1104.1577},
  year={2011}
}
@inproceedings{taylor1999synthesis,
  title={Synthesis imaging in radio astronomy II},
  author={Taylor, Greg B and Carilli, Chris Luke and Perley, Richard A},
  booktitle={Synthesis Imaging in Radio Astronomy II},
  volume={180},
  year={1999}
}
@book{christiansenradiotelescopes,
  title={Radiotelescopes},
  author={Christiansen, Wilbur Norman and H{\"o}gbom, Jan Arvid},
  year={1969},
  publisher={Cambridge University Press},
  ISBN={5217546}
}
@book{wilson2009tools,
  title={Tools of radio astronomy},
  author={Wilson, Thomas L and Rohlfs, Kristen and H{\"u}ttemeister, Susanne},
  volume={86},
  year={2009},
  publisher={Springer}
}
@article{middelberg2008high,
  title={High resolution radio astronomy using very long baseline interferometry},
  author={Middelberg, Enno and Bach, Uwe},
  journal={Reports on Progress in Physics},
  volume={71},
  number={6},
  pages={066901},
  year={2008},
  publisher={IOP Publishing}
}
@article{smith1997scientist,
  title={The scientist and engineer's guide to digital signal processing},
  author={Smith, Steven W and others},
  year={1997},
  publisher={California Technical Pub. San Diego}
}
@ARTICLE{2011A&A...527A.106S,
   author = {{Smirnov}, O.~M.},
    title = "{Revisiting the radio interferometer measurement equation. I. A full-sky Jones formalism}",
  journal = "Astron.Astrophys.",
archivePrefix = "arXiv",
   eprint = {1101.1764},
 primaryClass = "astro-ph.IM",
 keywords = {methods: numerical, methods: analytical, methods: data analysis, techniques: interferometric, techniques: polarimetric},
     year = 2011,
    month = mar,
   volume = 527,
      eid = {A106},
    pages = {A106},
      doi = {10.1051/0004-6361/201016082},
   adsurl = {http://adsabs.harvard.edu/abs/2011A%26A...527A.106S},
  adsnote = {Provided by the SAO/NASA Astrophysics Data System}
}

@ARTICLE{2011A&A...527A.107S,
   author = {{Smirnov}, O.~M.},
    title = "{Revisiting the radio interferometer measurement equation. II. Calibration and direction-dependent effects}",
  journal = "Astron.Astrophys.",
archivePrefix = "arXiv",
   eprint = {1101.1765},
 primaryClass = "astro-ph.IM",
 keywords = {methods: analytical, methods: numerical, methods: data analysis, techniques: polarimetric, techniques: interferometric},
     year = 2011,
    month = mar,
   volume = 527,
      eid = {A107},
    pages = {A107},
      doi = {10.1051/0004-6361/201116434},
   adsurl = {http://adsabs.harvard.edu/abs/2011A%26A...527A.107S},
  adsnote = {Provided by the SAO/NASA Astrophysics Data System}
}
@ARTICLE{2011A&A...527A.108S,
   author = {{Smirnov}, O.~M.},
    title = "{Revisiting the radio interferometer measurement equation. III. Addressing direction-dependent effects in 21 cm WSRT observations of 3C 147}",
  journal = "Astron.Astrophys.",
archivePrefix = "arXiv",
   eprint = {1101.1768},
 primaryClass = "astro-ph.IM",
 keywords = {methods: analytical, methods: data analysis, methods: numerical, techniques: interferometric, techniques: polarimetric},
     year = 2011,
    month = mar,
   volume = 527,
      eid = {A108},
    pages = {A108},
      doi = {10.1051/0004-6361/201116435},
   adsurl = {http://adsabs.harvard.edu/abs/2011A%26A...527A.108S},
  adsnote = {Provided by the SAO/NASA Astrophysics Data System}
}
@ARTICLE{2011A&A...531A.159S,
   author = {{Smirnov}, O.~M.},
    title = "{Revisiting the radio interferometer measurement equation. IV. A generalized tensor formalism}",
  journal = {aap},
archivePrefix = "arXiv",
   eprint = {1106.0579},
 primaryClass = "astro-ph.IM",
 keywords = {methods: analytical, methods: data analysis, methods: numerical, techniques: interferometric, techniques: polarimetric},
     year = 2011,
    month = jul,
   volume = 531,
      eid = {A159},
    pages = {A159},
      doi = {10.1051/0004-6361/201116764},
   adsurl = {http://adsabs.harvard.edu/abs/2011A%26A...531A.159S},
  adsnote = {Provided by the SAO/NASA Astrophysics Data System}
}
@article{varbanescu2008performance,
  title={The performance of gridding/degridding on the Cell},
  author={Varbanescu, AL and van Amesfoort, A and Cornwell, T and Elmegreen, BG and van Nieuwpoort, R and van Diepen, G and Sips, H},
  journal={month},
  year={2008},
  publisher={Delft University of Technology$\}$}
}
@techreport{cornwell2007impact,
  title={The impact of convolutional resampling on askap and ska phase 1 computing cost},
  author={Cornwell, TJ},
  year={2007},
  institution={Technical Report CONRAD-SW-0008, KAT-CSIRO}
}
@article{jackson1991selection,
  title={Selection of a convolution function for Fourier inversion using gridding [computerised tomography application]},
  author={Jackson, John I and Meyer, Craig H and Nishimura, Dwight G and Macovski, Albert},
  journal={Medical Imaging, IEEE Transactions on},
  volume={10},
  number={3},
  pages={473--478},
  year={1991},
  publisher={IEEE}
}
@phdthesis{tan1986aperture,
  title={Aperture-synthesis mapping and parameter estimation.},
  author={Tan, Sze Meng},
  year={1986},
  school={University of Cambridge}
}
@article{hardy2013direct,
  title={Direct deconvolution of radio synthesis images using L1 minimisation},
  author={Hardy, Stephen J},
  journal={arXiv preprint arXiv:1310.2078},
  year={2013}
}
@article{yashar2009tdp,
  title={TDP CALIBRATION \& PROCESSING GROUP CPG MEMO\# 3 COMPUTATIONAL COSTS OF RADIO IMAGING ALGORITHMS DEALING WITH THE NON-COPLANAR BASELINES EFFECT: I},
  author={Yashar, Mark and Kemball, Athol},
  year={2009}
}
@inproceedings{romein2012efficient,
  title={An efficient work-distribution strategy for gridding radio-telescope data on GPUs},
  author={Romein, John W},
  booktitle={Proceedings of the 26th ACM international conference on Supercomputing},
  pages={321--330},
  year={2012},
  organization={ACM}
}
@article{cornwell1992radio,
  title={Radio-interferometric imaging of very large fields-The problem of non-coplanar arrays},
  author={Cornwell, TJ and Perley, RA},
  journal={Astronomy and Astrophysics},
  volume={261},
  pages={353--364},
  year={1992}
}
@phdthesis{tan1986aperture,
  title={Aperture-synthesis mapping and parameter estimation.},
  author={Tan, Sze Meng},
  year={1986},
  school={University of Cambridge}
}
@article{golap2001parallelization,
  title={Parallelization of Widefield Imaging in AIPS+},
  author={Golap, K and Kemball, A and Cornwell, T and Young, W},
  year={2001}
}
@book{blake2009antennas,
  title={Antennas: Fundamentals, Design, Measurement, 3rd Edn (Standard)},
  author={Blake, Lamont V and Long, Maurice},
  year={2009},
  publisher={IET}
}
@book{thompson2008interferometry,
  title={Interferometry and synthesis in radio astronomy},
  author={Thompson, A Richard and Moran, James M and Swenson Jr, George W},
  year={2008},
  publisher={John Wiley \& Sons}
}
@article{dabbech2015moresane,
  title={MORESANE: MOdel REconstruction by Synthesis-ANalysis Estimators-A sparse deconvolution algorithm for radio interferometric imaging},
  author={Dabbech, Arwa and Ferrari, Chiara and Mary, David and Slezak, Eric and Smirnov, Oleg and Kenyon, Jonathan S},
  journal={Astronomy \& Astrophysics},
  volume={576},
  pages={A7},
  year={2015},
  publisher={EDP Sciences}
}
@article{noordam2010meqtrees,
  title={The MeqTrees software system and its use for third-generation calibration of radio interferometers},
  author={Noordam, JE and Smirnov, OM},
  journal={Astronomy \& Astrophysics},
  volume={524},
  pages={A61},
  year={2010},
  publisher={EDP Sciences}
}
@article{perkins2015montblanc,
  title={Montblanc: GPU accelerated Radio Interferometer Measurement Equations in support of Bayesian Inference for Radio Observations},
  author={Perkins, Simon and Maraism, Patrick and Zwart, Jonathan and Natarajan, Iniyan and Smirnov, Oleg},
  journal={arXiv preprint arXiv:1501.07719},
  year={2015}
}